<?xml version="1.0" encoding="UTF-8"?><collection xmlns="http://www.loc.gov/MARC21/slim"><record><leader>00435nam--2200169-u-4500</leader><controlfield tag="001">000051879</controlfield><controlfield tag="002">20161230</controlfield><controlfield tag="005">20161230201049</controlfield><controlfield tag="008">090326s1000------------r-----000-0-eng-d</controlfield><datafield ind1=" " ind2=" " tag="040"><subfield code="a">IFIN-HH</subfield></datafield><datafield ind1=" " ind2=" " tag="080"><subfield code="a">517.948.8</subfield></datafield><datafield ind1="1" ind2=" " tag="100"><subfield code="a">Voevodin,A.F. i Shugrin,S.M</subfield></datafield><datafield ind1="1" ind2="0" tag="245"><subfield code="a">Chislennye Metody Rascheta Odnomernykh Sistem</subfield></datafield><datafield ind1=" " ind2=" " tag="260"><subfield code="a">Novosibirsk</subfield><subfield code="b">Nauka</subfield><subfield code="c">1981</subfield></datafield><datafield ind1=" " ind2=" " tag="300"><subfield code="a">200 p</subfield></datafield><datafield ind1=" " ind2=" " tag="852"><subfield code="a">70056</subfield><subfield code="c">517.9</subfield></datafield><datafield ind1=" " ind2=" " tag="CAT"><subfield code="a">Sys</subfield><subfield code="c">20090326</subfield><subfield code="h">102050</subfield></datafield></record></collection>